<?xml version="1.0" encoding="UTF-8"?><collection xmlns="http://www.loc.gov/MARC21/slim"><record><leader>00397nam--2200133-i-4500</leader><controlfield tag="001">000005109</controlfield><controlfield tag="002">20161230</controlfield><controlfield tag="005">20170122214555</controlfield><controlfield tag="008">060222s1000------------r-----000-0-eng-d</controlfield><datafield ind1=" " ind2=" " tag="245"><subfield code="a">Handbuch der praparativen anorganischen chemie Bd.I - te umgearbeitete auflage</subfield></datafield><datafield ind1=" " ind2=" " tag="260"><subfield code="a">Stuttgart</subfield><subfield code="b">Ferdinand Enke Verlag</subfield><subfield code="c">1960</subfield></datafield><datafield ind1=" " ind2=" " tag="490"><subfield code="a">XIII + 1611 p</subfield></datafield><datafield ind1=" " ind2=" " tag="700"><subfield code="a">Brauer, Georg</subfield></datafield><datafield ind1=" " ind2=" " tag="CAT"><subfield code="a">SYS</subfield><subfield code="c">20170122</subfield><subfield code="h">214555</subfield></datafield></record></collection>